@article{bayesian_edigi_gabry,
    author = {Egidi L., Gabry J.S.},
    title = {Bayesian hierarchical models for predicting individual performance in soccer},
    journal = {Journal of Quantitative Analysis of Sports},
    year = {2018},
    pages = {143-157},
}

@inproceedings{pgmpy,
  title={Pgmpy: Probabilistic graphical models using python},
  author={Ankan, Ankur and Panda, Abinash},
  booktitle={Proceedings of the 14th Python in Science Conference (SCIPY 2015)},
  year={2015},
  url = {https://pgmpy.org/}
  organization={Citeseer}
}


@online{fantacalcio,
  author = {Quadronica s.r.l},
  title  = {Fantacalcio},
  url    = {http://www.fantacalcio.it}
}

@online{transfermarket,
  author = {Transfermarkt GmbH & Co.},
  title  = {Transfermarket},
  url    = {https://www.transfermarkt.it/}
}
